<?xml version="1.0" encoding="UTF-8" ?><marc:collection xmlns:marc="http://www.loc.gov/MARC21/slim" xmlns:xsi="http://www.w3.org/2001/XMLSchema-instance" xsi:schemaLocation="http://www.loc.gov/MARC21/slim http://www.loc.gov/standards/marcxml/schema/MARC21slim.xsd">
<marc:record><marc:leader>03732cam a2200505Mi 4500</marc:leader>
<marc:controlfield tag="001">b1246501x</marc:controlfield>
<marc:controlfield tag="003">UaCaAUL</marc:controlfield><marc:controlfield tag="005">20190828032258.0</marc:controlfield><marc:controlfield tag="008">001016s1934    ua       b    001 0 ara d</marc:controlfield><marc:datafield tag="016" ind1="7" ind2=" "><marc:subfield code="a">016578084</marc:subfield><marc:subfield code="2">Uk</marc:subfield></marc:datafield><marc:datafield tag="035" ind1=" " ind2=" "><marc:subfield code="a">(OCoLC)60506401</marc:subfield><marc:subfield code="z">(OCoLC)977150740</marc:subfield></marc:datafield><marc:datafield tag="040" ind1=" " ind2=" "><marc:subfield code="a">MEAUC</marc:subfield><marc:subfield code="b">eng</marc:subfield><marc:subfield code="e">rda</marc:subfield><marc:subfield code="c">MEAUC</marc:subfield><marc:subfield code="d">OCLCG</marc:subfield><marc:subfield code="d">OCLCA</marc:subfield><marc:subfield code="d">OCLCQ</marc:subfield><marc:subfield code="d">OCLCF</marc:subfield><marc:subfield code="d">UKMGB</marc:subfield><marc:subfield code="d">CNUTO</marc:subfield><marc:subfield code="d">MEAUC</marc:subfield></marc:datafield><marc:datafield tag="049" ind1=" " ind2=" "><marc:subfield code="a">MAIN</marc:subfield></marc:datafield><marc:datafield tag="050" ind1=" " ind2="4"><marc:subfield code="a">PJ7701A27</marc:subfield><marc:subfield code="b">Z2x 1934</marc:subfield></marc:datafield><marc:datafield tag="066" ind1=" " ind2=" "><marc:subfield code="c">(3</marc:subfield></marc:datafield><marc:datafield tag="090" ind1=" " ind2=" "><marc:subfield code="a">PJ7701A27</marc:subfield><marc:subfield code="b">Z2x 1934</marc:subfield></marc:datafield><marc:datafield tag="100" ind1="1" ind2=" "><marc:subfield code="6">880-01</marc:subfield><marc:subfield code="a">Badīʻī, Yūsuf,</marc:subfield><marc:subfield code="d">-1662 or 1663.</marc:subfield></marc:datafield><marc:datafield tag="245" ind1="1" ind2="0"><marc:subfield code="6">880-02</marc:subfield><marc:subfield code="a">Hibat al-ayyām fīmā yataʻallaqa bi-Abī Tammām /</marc:subfield><marc:subfield code="c">li-muʼallifihi al-marḥūm al-shaykh Yūsuf al-Badīʻī, qāḍī al-Mūṣil al-mutawaffā sanat 1073 H ; maʻa taʻlīq ḥawāshihi bi-al-sharḥ wa-al-naqd, wa-taḥlīl mā warada bi-hi min shakhṣīyāt, wa-al-ifāḍah fīmā ushīra ilayhi min tārīkh wa-adab, wa-ḍabṭ lil-shiʻr al-marwī, wa-al-mufāḍalah bayna ruwāyātih li-nāshirihi Maḥmūd Muṣṭafá, ustādh al-adab bi-Kullīyat al-Lughah al-ʻArabīyah min al-Jāmiʻah al-Azharīyah.</marc:subfield></marc:datafield><marc:datafield tag="264" ind1=" " ind2="1"><marc:subfield code="6">880-03</marc:subfield><marc:subfield code="a">[Cairo] :</marc:subfield><marc:subfield code="b">li-nāshirihi Maḥmūd Muṣṭafá,</marc:subfield><marc:subfield code="c">1352 H, 1934 M.</marc:subfield></marc:datafield><marc:datafield tag="264" ind1=" " ind2="3"><marc:subfield code="6">880-04</marc:subfield><marc:subfield code="a">al-Sayyidah Zaynab, [Cairo] :</marc:subfield><marc:subfield code="b">Maṭbaʻat al-ʻUlūm bi-al-Sayyidah Zaynab.</marc:subfield></marc:datafield><marc:datafield tag="300" ind1=" " ind2=" "><marc:subfield code="a">311 pages ;</marc:subfield><marc:subfield code="c">24 cm.</marc:subfield></marc:datafield><marc:datafield tag="336" ind1=" " ind2=" "><marc:subfield code="a">text</marc:subfield><marc:subfield code="b">txt</marc:subfield><marc:subfield code="2">rdacontent.</marc:subfield></marc:datafield><marc:datafield tag="337" ind1=" " ind2=" "><marc:subfield code="a">unmediated</marc:subfield><marc:subfield code="b">n</marc:subfield><marc:subfield code="2">rdamedia.</marc:subfield></marc:datafield><marc:datafield tag="338" ind1=" " ind2=" "><marc:subfield code="a">volume</marc:subfield><marc:subfield code="b">nc</marc:subfield><marc:subfield code="2">rdacarrier.</marc:subfield></marc:datafield><marc:datafield tag="500" ind1=" " ind2=" "><marc:subfield code="6">880-05</marc:subfield><marc:subfield code="a">Ḥaqq al-ṭabʻ lil-nāshir.</marc:subfield></marc:datafield><marc:datafield tag="500" ind1=" " ind2=" "><marc:subfield code="6">880-06</marc:subfield><marc:subfield code="a">Wa-qadd tafaḍḍal bi-murājaʻat ṭabʻihi khirrīj Dār al-ʻUlūm wa-al-mudarris bi-al-Madāris al-Amīrīyah al-ustādh Sayyid bay Aḥmad.</marc:subfield></marc:datafield><marc:datafield tag="500" ind1=" " ind2=" "><marc:subfield code="a">Includes errata pages.</marc:subfield></marc:datafield><marc:datafield tag="504" ind1=" " ind2=" "><marc:subfield code="a">Includes bibliographical references and indexes.</marc:subfield></marc:datafield><marc:datafield tag="520" ind1=" " ind2=" "><marc:subfield code="a">An account of the life of Abu Tammām with copious extracts from his poetry. Edited with notes by Maḥmūd Muṣṭafa.</marc:subfield></marc:datafield><marc:datafield tag="600" ind1="0" ind2="0"><marc:subfield code="6">880-07</marc:subfield><marc:subfield code="a">Abū Tammām Ḥabīb ibn Aws al-Ṭāʼī,</marc:subfield><marc:subfield code="d">active 808-842.</marc:subfield></marc:datafield><marc:datafield tag="600" ind1="0" ind2="0"><marc:subfield code="6">880-08</marc:subfield><marc:subfield code="a">Abū Tammām Ḥabīb ibn Aws al-Ṭāʼī,</marc:subfield><marc:subfield code="d">active 808-842</marc:subfield><marc:subfield code="x">Criticism and interpretation.</marc:subfield></marc:datafield><marc:datafield tag="700" ind1="1" ind2=" "><marc:subfield code="6">880-09</marc:subfield><marc:subfield code="a">Muṣṭafá, Maḥmūd.</marc:subfield></marc:datafield><marc:datafield tag="880" ind1="1" ind2="0"><marc:subfield code="6">245-02/(3/r</marc:subfield><marc:subfield code="a">هبة الأيام فيما يتعلق بأبي تمام /‪</marc:subfield><marc:subfield code="c">لمؤلفه المرحوم الشيخ يوسف البديعي، قاضي الموصل المتوفى سنة 1073 ه ؛ مع تعليق حواشه بالشرح والنقد، وتحليل ما ورد به من شخصيات، والافاضة فيما أشير إليه من تاريخ وأدب، وضبط للشعر المروي، والمفاضلة بين رواياته لناشره محمود مصطفى، أستاذ الأدب بكلية اللغة العربية من الجامعة الأزهرية..</marc:subfield></marc:datafield><marc:datafield tag="880" ind1="1" ind2=" "><marc:subfield code="6">100-01/(3/r</marc:subfield><marc:subfield code="a">بديعي، يوسف،‪</marc:subfield><marc:subfield code="d">-1662 أو 1663.</marc:subfield></marc:datafield><marc:datafield tag="880" ind1=" " ind2="1"><marc:subfield code="6">264-03/(3/r</marc:subfield><marc:subfield code="a">[Cairo] :</marc:subfield><marc:subfield code="b">لناشره محمود مصطفى،‪</marc:subfield><marc:subfield code="c">1352 ه، 1934 م..</marc:subfield></marc:datafield><marc:datafield tag="880" ind1=" " ind2="3"><marc:subfield code="6">264-04/(3/r</marc:subfield><marc:subfield code="a">السيدة زينب، [Cairo] :‪</marc:subfield><marc:subfield code="b">مطبعة العلوم بالسيدة زينب..</marc:subfield></marc:datafield><marc:datafield tag="880" ind1=" " ind2=" "><marc:subfield code="6">500-05/(3/r</marc:subfield><marc:subfield code="a">حق الطبع للناشر..</marc:subfield></marc:datafield><marc:datafield tag="880" ind1=" " ind2=" "><marc:subfield code="6">500-06/(3/r</marc:subfield><marc:subfield code="a">وقد تفضل بمراجعة طبعه خريج دار العلوم والمدرس بالمدارس الأميرية الأستاذ سيد بي أحمد..</marc:subfield></marc:datafield><marc:datafield tag="880" ind1="0" ind2="4"><marc:subfield code="6">600-07/(3/r</marc:subfield><marc:subfield code="a">أبو تمام حبيب بن أوس الطائي،،‪</marc:subfield><marc:subfield code="d">842-808 active.</marc:subfield></marc:datafield><marc:datafield tag="880" ind1="1" ind2=" "><marc:subfield code="6">700-09/(3/r</marc:subfield><marc:subfield code="a">مصطفى، محمود..</marc:subfield></marc:datafield><marc:datafield tag="880" ind1="0" ind2="4"><marc:subfield code="6">600-08/(3/r</marc:subfield><marc:subfield code="a">أبو تمام حبيب بن أوس الطائي،،‪</marc:subfield><marc:subfield code="d">842-808 active</marc:subfield><marc:subfield code="x">نقد وتحليل..</marc:subfield></marc:datafield><marc:datafield tag="907" ind1=" " ind2=" "><marc:subfield code="a">.b1246501x</marc:subfield><marc:subfield code="b">main </marc:subfield></marc:datafield><marc:datafield tag="902" ind1=" " ind2=" "><marc:subfield code="a">191013</marc:subfield></marc:datafield><marc:datafield tag="998" ind1=" " ind2=" "><marc:subfield code="b">2</marc:subfield><marc:subfield code="c">001022</marc:subfield><marc:subfield code="d">m</marc:subfield><marc:subfield code="e">~</marc:subfield><marc:subfield code="f">-</marc:subfield><marc:subfield code="g">0</marc:subfield><marc:subfield code="k">TA</marc:subfield></marc:datafield><marc:datafield tag="945" ind1=" " ind2=" "><marc:subfield code="l">main </marc:subfield></marc:datafield></marc:record>
</marc:collection>
